@inbook{quart,
  title={Numerical mathematics},
  author={Quarteroni, Alfio and Sacco, Riccardo and Saleri, Fausto},
  volume={37},
  year={2010},
  publisher={Springer Science \& Business Media},
}


@inbook{sul,
  title={An introduction to numerical analysis},
  author={S{\"u}li, Endre and Mayers, David F},
  year={2003},
  publisher={Cambridge university press},
}


